@article{zea2021assessing,
  title={Assessing conservation of alternative splicing with evolutionary splicing graphs},
  author={Zea, Diego Javier and Laskina, Sofya and Baudin, Alexis and Richard, Hugues and Laine, Elodie},
  journal={Genome Research},
  volume={31},
  number={8},
  pages={1462--1473},
  year={2021},
  publisher={Cold Spring Harbor Lab}
}