@article{fleming:2017,
  doi = {10.1093/nc/nix007},
  url = {https://doi.org/10.1093/nc/nix007},
  year = {2017},
  month = jan,
  publisher = {Oxford University Press ({OUP})},
  volume = {2017},
  number = {1},
  author = {Stephen M Fleming},
  title = {{HMeta}-d: hierarchical Bayesian estimation of metacognitive efficiency from confidence ratings},
  journal = {Neuroscience of Consciousness}
}

@article{fleming:2014,
  doi = {10.3389/fnhum.2014.00443},
  url = {https://doi.org/10.3389/fnhum.2014.00443},
  year = {2014},
  month = jul,
  publisher = {Frontiers Media {SA}},
  volume = {8},
  author = {Stephen M. Fleming and Hakwan C. Lau},
  title = {How to measure metacognition},
  journal = {Frontiers in Human Neuroscience}
}

@incollection{maniscalco:2014,
  doi = {10.1007/978-3-642-45190-4_3},
  url = {https://doi.org/10.1007/978-3-642-45190-4_3},
  year = {2014},
  publisher = {Springer Berlin Heidelberg},
  pages = {25--66},
  author = {Brian Maniscalco and Hakwan Lau},
  title = {Signal Detection Theory Analysis of Type 1 and Type 2 Data: Meta-d$\prime$,  Response-Specific Meta-d$\prime$,  and the Unequal Variance {SDT} Model},
  booktitle = {The Cognitive Neuroscience of Metacognition}
}

@article{maniscalco:2012,
  doi = {10.1016/j.concog.2011.09.021},
  url = {https://doi.org/10.1016/j.concog.2011.09.021},
  year = {2012},
  month = mar,
  publisher = {Elsevier {BV}},
  volume = {21},
  number = {1},
  pages = {422--430},
  author = {Brian Maniscalco and Hakwan Lau},
  title = {A signal detection theoretic approach for estimating metacognitive sensitivity from confidence ratings},
  journal = {Consciousness and Cognition}
}

@article{galvin:2003,
  doi = {10.3758/bf03196546},
  url = {https://doi.org/10.3758/bf03196546},
  year = {2003},
  month = dec,
  publisher = {Springer Science and Business Media {LLC}},
  volume = {10},
  number = {4},
  pages = {843--876},
  author = {Susan J. Galvin and John V. Podd and Vit Drga and John Whitmore},
  title = {Type 2 tasks in the theory of signal detectability: Discrimination between correct and incorrect decisions},
  journal = {Psychonomic Bulletin {\&}amp$\mathsemicolon$ Review}
}